@article{einstein,
    author = "Albert Einstein",
    title = "{Zur Elektrodynamik bewegter K{\"o}rper}. ({German})
    [{On} the electrodynamics of moving bodies]",
    journal = "Annalen der Physik",
    volume = "322",
    number = "10",
    pages = "891--921",
    year = "1905",
    DOI = "http://dx.doi.org/10.1002/andp.19053221004",
    keywords = "physics"
}

@book{dirac,
    title = {The Principles of Quantum Mechanics},
    author = {Paul Adrien Maurice Dirac},
    isbn = {9780198520115},
    series = {International series of monographs on physics},
    year = {1981},
    publisher = {Clarendon Press},
    keywords = {physics}
}

@online{fases_proyectos,
    author = "Teresa Canive",
    title = "FASES Y ETAPAS DE UN PROYECTO",
    url  = "https://www.sinnaps.com/blog-gestion-proyectos/fases-etapas-de-un-proyecto",
    addendum = "(accessed: 22.03.2021)",
    keywords = "proyectos,fases,"
}

@online{trello,
    author = "Atlassian",
    title = "Trello: software de gestión de proyectos",
    url  = "https://trello.com/about",
    addendum = "(accessed: 20.03.2021)",
    keywords = "trello,projects"
}

@misc{ wiki:xxx,
       author = "Wikipedia",
       title = "Qt (biblioteca) --- Wikipedia{,} La enciclopedia libre",
       year = "2021",
       url = "https://es.wikipedia.org/w/index.php?title=Qt_(biblioteca)&oldid=133767915",
       note = "[Internet; descargado 22-marzo-2021]"
}

@online{sprint,
    author = "Abraham Requena Mesa",
    title = "Qué es un Sprint de Scrum",
    url  = "https://openwebinars.net/blog/que-es-un-sprint-scrum/",
    addendum = "(accessed: 20.03.2021)",
    keywords = "framewoks,herramientas,scrum,sprints"
}

@online{surfaceOrbit,
    author = "Daniel Marín",
    title = "El octavo vuelo del New Shepard (y el segundo del tercer cohete)",
    url  = "https://danielmarin.naukas.com/2018/04/30/el-octavo-vuelo-del-new-shepard-y-el-segundo-del-tercer-cohete/",
    addendum = "(accessed: 22.03.2021)",
    keywords = "surface,orbit, astronautic"
}

@online{earthMoon,
    author = "Exploring Space",
    title = "Easy Orbital Mechanics I - Getting to the Moon",
    url  = "https://www.youtube.com/watch?v=hKdpzagTUxk",
    addendum = "(accessed: 22.03.2021)",
    keywords = "orbital, mechanics, astronautic"
}


